<?xml version="1.0" encoding="UTF-8"?><collection xmlns="http://www.loc.gov/MARC21/slim"><record><leader>00493nam--2200181-u-4500</leader><controlfield tag="001">000052538</controlfield><controlfield tag="002">20161230</controlfield><controlfield tag="005">20161230201050</controlfield><controlfield tag="008">100903s1000------------r-----000-0-eng-d</controlfield><datafield ind1=" " ind2=" " tag="020"><subfield code="a">019852949x</subfield></datafield><datafield ind1=" " ind2=" " tag="040"><subfield code="a">IFIN-HH</subfield></datafield><datafield ind1=" " ind2=" " tag="080"><subfield code="a">532.517.4:532.135</subfield></datafield><datafield ind1="1" ind2=" " tag="100"><subfield code="a">Davidson, P.A</subfield></datafield><datafield ind1="1" ind2="0" tag="245"><subfield code="a">Turbulence</subfield><subfield code="b">An Introduction for Scientists and Engineers</subfield><subfield code="c">P.A. Davidson</subfield></datafield><datafield ind1=" " ind2=" " tag="260"><subfield code="a">Oxford</subfield><subfield code="b">Oxford University Press</subfield><subfield code="c">2004</subfield></datafield><datafield ind1=" " ind2=" " tag="300"><subfield code="a">657 p</subfield></datafield><datafield ind1=" " ind2=" " tag="852"><subfield code="a">81673</subfield><subfield code="c">532</subfield></datafield><datafield ind1=" " ind2=" " tag="CAT"><subfield code="a">Sys</subfield><subfield code="c">20100903</subfield><subfield code="h">094040</subfield></datafield></record></collection>